%% This BibTeX bibliography file was created using BibDesk.
%% http://bibdesk.sourceforge.net/

%% Created for Chen Zhang at 2018-03-17 16:22:48 -0400 


%% Saved with string encoding Unicode (UTF-8) 



@article{buchinsky1994,
  title={Changes in the US wage structure 1963-1987: Application of quantile regression},
  author={Buchinsky, Moshe},
  journal={Econometrica: Journal of the Econometric Society},
  pages={405--458},
  year={1994},
  publisher={JSTOR}
}

@article{chernozhukov2003mcmc,
  title={An MCMC approach to classical estimation},
  author={Chernozhukov, Victor and Hong, Han},
  journal={Journal of Econometrics},
  volume={115},
  number={2},
  pages={293--346},
  year={2003},
  publisher={Elsevier}
}